<record><leader>00000cas a22000007a 4500</leader><controlfield tag="001">14053202</controlfield><controlfield tag="008">860806d18921907txuwr ne      0    0eng d</controlfield><datafield ind1=" " ind2=" " tag="010"><subfield code="a">sn 86088127 </subfield></datafield><datafield ind1=" " ind2=" " tag="040"><subfield code="a">PPM</subfield><subfield code="b">eng</subfield><subfield code="c">PPM</subfield><subfield code="d">OCLCQ</subfield></datafield><datafield ind1=" " ind2=" " tag="042"><subfield code="a">msc</subfield></datafield><datafield ind1="0" ind2="4" tag="245"><subfield code="a">The Boyd index.</subfield></datafield><datafield ind1="3" ind2="0" tag="246"><subfield code="a">Index</subfield></datafield><datafield ind1=" " ind2=" " tag="260"><subfield code="a">Boyd, Tex. :</subfield><subfield code="b">Index Pub. Co.</subfield></datafield><datafield ind1=" " ind2=" " tag="300"><subfield code="a">v. :</subfield><subfield code="b">ill.</subfield></datafield><datafield ind1=" " ind2=" " tag="310"><subfield code="a">Weekly</subfield></datafield><datafield ind1="1" ind2=" " tag="362"><subfield code="a">Began in 1892; ceased in 1907.</subfield></datafield><datafield ind1=" " ind2=" " tag="588"><subfield code="a">Description based on: Vol. 12, no. 52 (Jan. 5, 1905).</subfield></datafield><datafield ind1=" " ind2=" " tag="752"><subfield code="a">United States</subfield><subfield code="b">Texas</subfield><subfield code="c">Wise</subfield><subfield code="d">Boyd.</subfield></datafield><datafield ind1="0" ind2="0" tag="785"><subfield code="t">Wise County index</subfield><subfield code="w">(DLC)sn 88083179</subfield></datafield><datafield ind1="1" ind2=" " tag="029"><subfield code="a">AU@</subfield><subfield code="b">000020433715</subfield></datafield></record>